<record><leader>00000cas a22000007a 4500</leader><controlfield tag="001">15229479</controlfield><controlfield tag="008">870223d1835184ugauwr ne      0    0eng d</controlfield><datafield ind1=" " ind2=" " tag="010"><subfield code="a">sn 86090949 </subfield></datafield><datafield ind1=" " ind2=" " tag="040"><subfield code="a">PPM</subfield><subfield code="b">eng</subfield><subfield code="c">PPM</subfield><subfield code="d">DLC</subfield><subfield code="d">GUA</subfield><subfield code="d">OCLCQ</subfield><subfield code="d">OCLCF</subfield><subfield code="d">OCLCO</subfield></datafield><datafield ind1="1" ind2=" " tag="029"><subfield code="a">AU@</subfield><subfield code="b">000025793660</subfield></datafield><datafield ind1=" " ind2=" " tag="042"><subfield code="a">msc</subfield></datafield><datafield ind1=" " ind2=" " tag="043"><subfield code="a">n-us-ga</subfield></datafield><datafield ind1="0" ind2="0" tag="050"><subfield code="a">Newspaper</subfield></datafield><datafield ind1="0" ind2="4" tag="245"><subfield code="a">The Georgia pioneer, and retrenchment banner.</subfield></datafield><datafield ind1="1" ind2="3" tag="246"><subfield code="a">Pioneer &amp; banner</subfield></datafield><datafield ind1=" " ind2=" " tag="260"><subfield code="a">Cassville, Ga. :</subfield><subfield code="b">S.M. Hood &amp; Co.,</subfield><subfield code="c">[1835]-</subfield></datafield><datafield ind1=" " ind2=" " tag="300"><subfield code="a">v.</subfield></datafield><datafield ind1=" " ind2=" " tag="310"><subfield code="a">Weekly</subfield></datafield><datafield ind1="1" ind2=" " tag="362"><subfield code="a">Began in 1835? Ceased between Sept. 30, 1840 and Apr. 2, 1841.</subfield></datafield><datafield ind1=" " ind2=" " tag="530"><subfield code="a">Also issued on microfilm from the University of Georgia.</subfield></datafield><datafield ind1=" " ind2=" " tag="588"><subfield code="a">Description based on: Vol. 5, no. 34 (June 4, 1840) = Whole no. 242.</subfield></datafield><datafield ind1=" " ind2="0" tag="651"><subfield code="a">Cassville (Ga.)</subfield><subfield code="v">Newspapers.</subfield></datafield><datafield ind1=" " ind2="7" tag="655"><subfield code="a">Newspapers.</subfield><subfield code="2">fast</subfield><subfield code="0">(OCoLC)fst01423814</subfield></datafield><datafield ind1=" " ind2="7" tag="651"><subfield code="a">Georgia</subfield><subfield code="z">Cassville.</subfield><subfield code="2">fast</subfield><subfield code="0">(OCoLC)fst01254945</subfield></datafield><datafield ind1=" " ind2=" " tag="752"><subfield code="a">United States</subfield><subfield code="b">Georgia</subfield><subfield code="c">Bartow</subfield><subfield code="d">Cassville.</subfield></datafield><datafield ind1="0" ind2="0" tag="785"><subfield code="t">Georgia pioneer</subfield><subfield code="w">(DLC)sn 89049030</subfield><subfield code="w">(OCoLC)3439434</subfield></datafield></record>